<?xml version="1.0" encoding="UTF-8"?><collection xmlns="http://www.loc.gov/MARC21/slim"><record><leader>00502nam--2200133-i-4500</leader><controlfield tag="001">000007246</controlfield><controlfield tag="002">20161230</controlfield><controlfield tag="005">20170129004910</controlfield><controlfield tag="008">060222s1000------------r-----000-0-eng-d</controlfield><datafield ind1=" " ind2=" " tag="245"><subfield code="a">3-te arbeitstagung uber stabile isotope vom 28 oktober bis 2 november 1963 in Leipzig. Tagungsbericht, herausgegeben von prof.dr.J. Muhlenpfordt, dr.G.Kretzschmann und dr.K. Wetzel mit 418 abbild. und 169 tabllen</subfield></datafield><datafield ind1=" " ind2=" " tag="260"><subfield code="a">Akademie-Verlag</subfield><subfield code="c">1965</subfield></datafield><datafield ind1=" " ind2=" " tag="300"><subfield code="a">X + 897 p</subfield></datafield><datafield ind1=" " ind2=" " tag="852"><subfield code="a">15056</subfield></datafield><datafield ind1=" " ind2=" " tag="CAT"><subfield code="a">SYS</subfield><subfield code="c">20170129</subfield><subfield code="h">004910</subfield></datafield></record></collection>